@article{Fox1993Review,
  title={Review of Stuart Kauffman, The Origins of Order:
  Self-Organization and Selection in Evolution},
  author={Fox and Ronald, F.},
  journal={Biophysical Journal},
  volume={65},
  number={6},
  pages={2698¨C2699},
  year={1993},
}
@article{Huang2000Shape,
  title={Shape-dependent control of cell growth, differentiation, and apoptosis: switching between attractors in cell regulatory networks.},
  author={Huang, S. and Ingber, D. E.},
  journal={Experimental Cell Research},
  volume={261},
  number={1},
  pages={91-103},
  year={2000},
}
@article{Kauffman1989The,
  title={The NK model of rugged fitness landscapes and its application to maturation of the immune response.},
  author={Kauffman, S. A. and Weinberger, E. D.},
  journal={Journal of Theoretical Biology},
  volume={141},
  number={2},
  pages={211-245},
  year={1989},
}
@article{Stern1999Emergence,
  title={Emergence of homeostasis and "noise imprinting" in an evolution model.},
  author={Stern, M. D.},
  journal={Proceedings of the National Academy of Sciences of the United States of America},
  volume={96},
  number={19},
  pages={10746-51},
  year={1999},
}
@article{Stefan2011Robustness,
  title={Robustness as an evolutionary principle.},
  author={Stefan  Bornholdt and Sneppen, Kim},
  journal={Proceedings of the Royal Society B Biological Sciences},
  volume={267},
  number={1459},
  pages={2281-6},
  year={2011},
}
@article{Cheng2003On,
  title={On Semi-tensor Product of Matrices and Its Applications},
  author={Cheng, Dai Zhan and Zhang, Li Jun},
  journal={Acta Mathematicae Applicatae Sinica, English Series},
  volume={19},
  number={2},
  pages={219-228},
  year={2003},
}
@book{Cheng2011Analysis,
  title={Analysis and Control of {Boolean} Networks},
  author={Cheng, Daizhan and Qi, Hongsheng and Li, Zhiqiang},
  publisher={Springer London},
  year={2011},
}
@article{Akutsu2007Control,
  title={Control of Boolean networks: hardness results and algorithms for tree structured networks.},
  author={Akutsu, T and Hayashida, M and Ching, W. K. and Ng, M. K.},
  journal={Journal of Theoretical Biology},
  volume={244},
  number={4},
  pages={670-9},
  year={2007},
}
@article{Langmead2009Symbolic,
  title={Symbolic approaches for finding control strategies in Boolean Networks.},
  author={Langmead, C. J. and Jha, S. K.},
  journal={Journal of Bioinformatics and Computational Biology},
  volume={7},
  number={2},
  pages={323-38},
  year={2009},
}
@article{Meng2015Controllability,
  title={Controllability and Observability of Singular Boolean Control Networks},
  author={Meng, Min and Li, Beiyou and Feng, Jun E},
  journal={Circuits, Systems, and Signal Processing},
  volume={34},
  number={4},
  pages={1233-1248},
  year={2015},
}
@article{Li2011Controllability,
  title={Controllability of Boolean control networks with time delays in states ¡î},
  author={Li, Fangfei and Sun, Jitao},
  journal={Automatica},
  volume={47},
  number={3},
  pages={603-607},
  year={2011},
}
@article{Laschov2012Controllability,
  title={Controllability of Boolean Control Networks via Perron-Frobenius Theory},
  author={Laschov, Dmitriy and Margaliot, Michael},
  journal={Automatica},
  volume={48},
  number={6},
  pages={1218¨C1223},
  year={2012},
}
@book{Cheng2011Realization,
  title={Realization of Boolean Control Networks},
  author={Cheng, Daizhan and Qi, Hongsheng and Li, Zhiqiang},
  publisher={Springer London},
  pages={62-69},
  year={2011},
}
@article{Fornasini2013Observability,
  title={Observability, Reconstructibility and State Observers of Boolean Control Networks},
  author={Fornasini, Ettore and Valcher, Maria Elena},
  journal={IEEE Transactions on Automatic Control},
  volume={58},
  number={6},
  pages={1390-1401},
  year={2013},
}
@article{Cheng2011Stability,
  title={Stability and stabilization of Boolean networks},
  author={Cheng, Daizhan and Qi, Hongsheng and Li, Zhiqiang and Liu, Jiang B.},
  journal={International Journal of Robust Nonlinear Control},
  volume={21},
  number={2},
  pages={134-156},
  year={2011},
}
@article{Guo2015Set,
  title={Set stability and set stabilization of Boolean control networks based on invariant subsets ¡î},
  author={Guo, Yuqian and Wang, Pan and Gui, Weihua and Yang, Chunhua},
  journal={Automatica},
  volume={61},
  pages={106-112},
  year={2015},
}
@article{Rui2013State,
  title={State Feedback Stabilization for Boolean Control Networks},
  author={Rui, Li and Meng, Yang and Chu, Tianguang},
  journal={IEEE Transactions on Automatic Control},
  volume={58},
  number={7},
  pages={1853-1857},
  year={2013},
}
@article{Bof2015Output,
  title={Output feedback stabilization of Boolean control networks},
  author={Bof, Nicoletta and Fornasini, Ettore and Valcher, Maria Elena},
  journal={Automatica},
  volume={57},
  number={C},
  pages={21-28},
  year={2015},
}
@article{Li2013Output,
  title={Output feedback stabilization control design for Boolean control networks ¡î},
  author={Li, Haitao and Wang, Yuzhen},
  journal={Automatica},
  volume={49},
  number={12},
  pages={3641-3645},
  year={2013},
}
