@book{Cheng2011Analysis,
  title={Analysis and Control of {Boolean} Networks},
  author={Cheng, Daizhan and Qi, Hongsheng and Li, Zhiqiang},
  publisher={Springer London},
  year={2011},
  }
@article{Cheng2010A,
  title={A Linear Representation of Dynamics of Boolean Networks},
  author={Cheng, Daizhan and Qi, Hongsheng},
  journal={Automatic Control IEEE Transactions on},
  volume={55},
  number={10},
  pages={2251-2258},
  year={2010},
}
@article{Dubrova2008On,
  title={On Analysis and Synthesis of (n,k)-Non-Linear Feedback Shift Registers},
  author={Dubrova, Elena and Teslenko, Maxim and Tenhunen, Hannu},
  journal={Design Automation \& Test in Europe},
  pages={1286-1291},
  year={2008},
}
@inproceedings{Zhong2014Stability,
  title={Stability of nonlinear feedback shift registers},
  author={Zhong, Jianghua and Lin, Dongdai},
  booktitle={IEEE International Conference on Information and Automation},
  pages={671-676},
  year={2014},
}
