@article{Dubrova2010Finding,
  title={Finding matching initial states for equivalent NLFSRs in the Fibonacci and the Galois configurations},
  author={Dubrova, Elena},
  journal={Information Theory IEEE Transactions on},
  volume={56},
  number={6},
  pages={2961-2966},
  year={2010},
}
@article{Zhong2016Driven,
  title={Driven Stability of Nonlinear Feedback Shift Registers With Inputs},
  author={Zhong, Jianghua and Lin, Dongdai},
  journal={IEEE Transactions on Communications},
  volume={64},
  number={6},
  pages={2274-2284},
  year={2016},
}
@article{Dubrova2009A,
  title={A Transformation From the Fibonacci to the Galois NLFSRs},
  author={Dubrova, Elena},
  journal={IEEE Transactions on Information Theory},
  volume={55},
  number={11},
  pages={5263-5271},
  year={2009},
}
@book{Lin2013The,
  title={The Transformation from the Galois NLFSR to the Fibonacci Configuration},
  author={Lin, Zhiqiang},
  pages={335-339},
  year={2013},
}
@book{Bondy1976Graph,
  title={Graph theory with applications /},
  author={Bondy, J. A. and Murty, U. S. R.},
  publisher={Macmillan,},
  pages={237-238},
  year={1976},
}
@book{Cheng2011Analysis,
  title={Analysis and Control of Boolean Networks},
  author={Cheng, Daizhan and Qi, Hongsheng and Li, Zhiqiang},
  publisher={Springer London},
  year={2011},
}
@article{Zhong2014A,
  title={A new linearization method for nonlinear feedback shift registers},
  author={Zhong, Jianghua and Lin, Dongdai},
  journal={Journal of Computer & System Sciences},
  volume={81},
  number={4},
  pages={783-796},
  year={2014},
}
